<?xml version="1.0" encoding="UTF-8"?><collection xmlns="http://www.loc.gov/MARC21/slim"><record><leader>00396nam--2200133-i-4500</leader><controlfield tag="001">000023874</controlfield><controlfield tag="002">20161230</controlfield><controlfield tag="005">20161230201035</controlfield><controlfield tag="008">060222s1000------------r-----000-0-eng-d</controlfield><datafield ind1=" " ind2=" " tag="080"><subfield code="a">5(092):929(4)</subfield></datafield><datafield ind1=" " ind2=" " tag="245"><subfield code="a">Who`s who in sccience in europe. a reference guide to european scientists. (l-q,v)</subfield></datafield><datafield ind1=" " ind2=" " tag="260"><subfield code="a">Trowbridge &amp; Esher, Redwood Burn Limited, 1978</subfield></datafield><datafield ind1=" " ind2=" " tag="700"><subfield code="a">Hodgson, Francis</subfield></datafield><datafield ind1=" " ind2=" " tag="852"><subfield code="a">47039</subfield></datafield></record></collection>